@ARTICLE{takada2013,
   author = {{Takada}, M. and {Hu}, W.},
    title = "{Power spectrum super-sample covariance}",
  journal = {\prd},
archivePrefix = "arXiv",
   eprint = {1302.6994},
 primaryClass = "astro-ph.CO",
 keywords = {Cosmology, Dark energy, Superclusters, large-scale structure of the Universe},
     year = 2013,
    month = jun,
   volume = 87,
   number = 12,
      eid = {123504},
    pages = {123504},
      doi = {10.1103/PhysRevD.87.123504},
   adsurl = {http://adsabs.harvard.edu/abs/2013PhRvD..87l3504T},
  adsnote = {Provided by the SAO/NASA Astrophysics Data System}
}
